<?xml version="1.0" encoding="UTF-8"?><collection xmlns="http://www.loc.gov/MARC21/slim"><record><leader>00339nam--2200121-i-4500</leader><controlfield tag="001">000005285</controlfield><controlfield tag="002">20161230</controlfield><controlfield tag="005">20161230201026</controlfield><controlfield tag="008">060222s1000------------r-----000-0-eng-d</controlfield><datafield ind1=" " ind2=" " tag="100"><subfield code="a">Bruges, Edward A</subfield></datafield><datafield ind1=" " ind2=" " tag="245"><subfield code="a">Available energy and the second law analysis</subfield></datafield><datafield ind1=" " ind2=" " tag="260"><subfield code="a">London, Butterworths Sci.Publications, 1959. Viii + 124 P</subfield></datafield><datafield ind1=" " ind2=" " tag="852"><subfield code="a">11515</subfield></datafield></record></collection>